@book{Sommerville:1998:REP:552009,
 author = {Sommerville, Ian and Kotonya, Gerald},
 title = {{Requirements Engineering: Processes and Techniques}},
 year = {1998},
 isbn = {0471972088},
 publisher = {John Wiley \& Sons, Inc.},
 address = {New York, NY, USA},
} 

@INPROCEEDINGS{4685703, 
author={Knauss, E. and El Boustani, C.}, 
booktitle={International Requirements Engineering, 2008. RE '08. 16th IEEE}, 
title={{Assessing the Quality of Software Requirements Specifications}}, 
year={2008}, 
pages={341-342}, 
doi={10.1109/RE.2008.29}, 
ISSN={1090-705X}}

@inproceedings{DBLP:conf/jisbd/Bezivin09,
  author    = {Jean B{\'e}zivin},
  title     = {{Advances in Model Driven Engineering}},
  booktitle = {JISBD},
  year      = {2009},
  pages     = {3},
  crossref  = {DBLP:conf/jisbd/2009},
  bibsource = {DBLP, http://dblp.uni-trier.de}
}

@inproceedings{DBLP:conf/gttse/Bezivin06,
  author    = {Jean B{\'e}zivin},
  title     = {{Model Driven Engineering: An Emerging Technical Space}},
  booktitle = {GTTSE},
  year      = {2005},
  pages     = {36-64},
  ee        = {http://dx.doi.org/10.1007/11877028_2}
}


@article{DBLP:journals/isse/JouaultBB09,
  author    = {Fr{\'e}d{\'e}ric Jouault and
               Jean B{\'e}zivin and
               Mika{\"e}l Barbero},
  title     = {Towards an advanced model-driven engineering toolbox},
  journal   = {ISSE},
  volume    = {5},
  number    = {1},
  year      = {2009},
  pages     = {5-12},
  ee        = {http://dx.doi.org/10.1007/s11334-009-0082-7}
}


@techreport{rdf-data-cube,
  author = {Richard Cyganiak and Dave Reynolds},
  title = {{The RDF Data Cube Vocabulary}},
  institution = {{W3C}},
  year = {2013},
  type = {{Working Draft}},
  note = {\url{http://www.w3.org/TR/vocab-data-cube/}}
}

@techreport{sdmx,
  author = {SDMX consortium},
  title = {{SDMX - Metadata Common Vocabulary}},
  institution = {{UNECE}},
  year = {2009},
  type = {{SDMX consortium}},
  note = {\url{http://bit.ly/1d2U1T8}}
}


@article{Bizer:2009:QIF:1482178.1482280,
 author = {Bizer, Christian and Cyganiak, Richard},
 title = {{Quality-driven information filtering using the WIQA policy framework}},
 journal = {Web Semant.},
 issue_date = {January, 2009},
 volume = {7},
 number = {1},
 month = jan,
 year = {2009},
 issn = {1570-8268},
 pages = {1--10},
 numpages = {10},
 url = {http://dx.doi.org/10.1016/j.websem.2008.02.005},
 doi = {10.1016/j.websem.2008.02.005},
 acmid = {1482280},
 publisher = {Elsevier Science Publishers B. V.},
 address = {Amsterdam, The Netherlands, The Netherlands},
 keywords = {Information quality, Quality-driven information filtering, Semantic Web},
} 


@article{Maali_Cyganiak_2011, title={{Re-using Cool URIs : Entity Reconciliation Against LOD Hubs}}, url={http://events.linkeddata.org/ldow2011/papers/ldow2011-paper11-maali.pdf}, journal={Library}, author={Maali, Fadi and Cyganiak, Richard}, year={2011}, pages={8}}


@article{DBLP:journals/semweb/DadzieR11,
  author    = {Dadzie, Aba-Sah and Rowe, Matthew},
  title     = {{Approaches to visualising Linked Data: A survey}},
  journal   = {Semantic Web},
  volume    = {2},
  number    = {2},
  year      = {2011},
  pages     = {89-124},
  ee        = {http://dx.doi.org/10.3233/SW-2011-0037},
  bibsource = {DBLP, http://dblp.uni-trier.de}
}

@article{ hoga-etal-2011-swse-JWS,
  volume = {accepted},
  publisher = {Elsevier},
  title = {{Searching and Browsing Linked Data with SWSE: The Semantic Web Search Engine}},
  url = {http://www.sciencedirect.com/science/article/pii/S1570826811000473},
  author = {Aidan Hogan and Andreas Harth and Jürgen Umbrich and Sheila Kinsella and Axel Polleres and Stefan Decker},
  note = {In press},
  year = {2011},
  type = {journal},
  journal = {Journal of Web Semantics (JWS)},
  projects = {lion2}
}

@TechReport{rdfa-primer,
  author =       {Ben Adida and Mark Birbeck},
  title =        {{RDFa Primer, Bridging the Human and Data Webs}},
  institution =  {W3C},
  year =         {2008},
  type = {{W3C} Working Group Note},
  note = {\url{http://www.w3.org/TR/xhtml-rdfa-primer/}}
}



@inproceedings{DBLP:conf/semweb/ZapilkoM11,
  author    = {Benjamin Zapilko and
               Brigitte Mathiak},
  title     = {{Defining and Executing Assessment Tests on Linked Data for
               Statistical Analysis}},
  booktitle = {COLD},
  year      = {2011},
  ee        = {http://ceur-ws.org/Vol-782/ZapilkoAndMathiak_COLD2011.pdf},
  bibsource = {DBLP, http://dblp.uni-trier.de}
}



@article{DBLP:journals/ijsc/SalasMBCMA12,
  author    = {Percy E. Rivera Salas and
               Fernando Maia Da Mota and
               Karin Koogan Breitman and
               Marco A. Casanova and
               Michael Martin and
               S{\"o}ren Auer},
  title     = {{Publishing Statistical Data on the Web}},
  journal   = {Int. J. Semantic Computing},
  volume    = {6},
  number    = {4},
  year      = {2012},
  pages     = {373-388},
  ee        = {http://dx.doi.org/10.1142/S1793351X12400119},
  bibsource = {DBLP, http://dblp.uni-trier.de}
}


@inproceedings{DDI2013,
  author    = {Thomas Bosch and
               Richard Cyganiak and Arofan Gregory and Joachim Wackerow},
  title     = {{DDI-RDF discovery vocabulary. a metadata vocabulary for documenting research and survey data.}},
  booktitle = {6th Workshop on Linked Data on the Web (LDOW2013)},
  year      = {2013},
 }





 @inproceedings{DBLP:conf/dgo/FernandezMG11,
  author    = {Javier D. Fern{\'a}ndez and
               Miguel A. Mart\'{\i}nez-Prieto and
               Claudio Guti{\'e}rrez},
  title     = {Publishing open statistical data: the Spanish census},
  booktitle = {DG.O},
  year      = {2011},
  pages     = {20-25},
  ee        = {http://doi.acm.org/10.1145/2037556.2037560},
  bibsource = {DBLP, http://dblp.uni-trier.de}
}



@inbook{webindexlod, 
title={{Publishing Statistical Data following the Linked Open Data Principles: The Web Index Project}}, 
url={http://www.igi-global.com/chapter/publishing-statistical-data-following-linked/77207/}, 
publisher={IGI Global}, 
author={Rodr\'{i}guez, Jose Mar\'{i}a Alvarez and Clement, Jules and Gayo, Jos\'{e} Emilio Labra and Farhan, Hania and Ordoñez De Pablos, Patricia},
booktitle = {Cases on Open-Linked Data and Semantic Web Applications},
year      = {2013},
  pages     = {199--226}
  }