@techreport{mell2011nist,
  abstract = {Cloud computing is an evolving paradigm. The NIST definition characterizes important aspects of cloud computing and is intended to serve as a means for broad comparisons of cloud services and deployment strategies, and to provide a baseline for discussion from what is cloud computing to how to best use cloud computing. The service and deployment models defined form a simple taxonomy that is not intended to prescribe or constrain any particular method of deployment, service delivery, or business operation.},
  address = {Gaithersburg, MD},
  author = {Mell, Peter and Grance, Timothy},
  institution = {National Institute of Standards and Technology (NIST)},
  keywords = {cloud computing definition nist},
  month = {September},
  number = {800-145},
  organization = {National Institute of Standards and Technology (NIST)},
  timestamp = {2013-03-01T12:10:43.000+0100},
  title = {{The NIST Definition of Cloud Computing}},
  url = {http://csrc.nist.gov/publications/nistpubs/800-145/SP800-145.pdf},
  year = 2011
}


@article{Huebscher:2008:SAC:1380584.1380585,
 author = {Huebscher, Markus C. and McCann, Julie A.},
 title = {{A survey of autonomic computing degrees, models, and applications}},
 journal = {ACM Comput. Surv.},
 issue_date = {August 2008},
 volume = {40},
 number = {3},
 month = aug,
 year = {2008},
 issn = {0360-0300},
 pages = {7:1--7:28},
 articleno = {7},
 numpages = {28},
 url = {http://doi.acm.org/10.1145/1380584.1380585},
 doi = {10.1145/1380584.1380585},
 acmid = {1380585},
 publisher = {ACM},
 address = {New York, NY, USA},
 keywords = {Autonomic computing, self-adaptive, self-healing systems},
} 


@inproceedings{Conejero:2012:MSQ:2357487.2357591,
 author = {Conejero, Javier and Tom\'{a}s, Luis and Caminero, Blanca and Carrion, Carmen},
 title = {{Multilevel SLA-based QoS Support in Grids}},
 booktitle = {Proceedings of the 2012 IEEE 10th International Symposium on Parallel and Distributed Processing with Applications},
 series = {ISPA '12},
 year = {2012},
 isbn = {978-0-7695-4701-5},
 pages = {239--246},
 numpages = {8},
 url = {http://dx.doi.org/10.1109/ISPA.2012.39},
 doi = {10.1109/ISPA.2012.39},
 acmid = {2357591},
 publisher = {IEEE Computer Society},
 address = {Washington, DC, USA},
 keywords = {Service Level Agreements, WS-Agreement, Scheduling in Advance, Reservation, Grids},
} 


@inproceedings{Pedersen:2011:AMQ:2114495.2115542,
 author = {Pedersen, Jens Myrup and Riaz, M. Tahir and Junior, Joaquim Celestino and Dubalski, Bozydar and Ledzinski, Damian and Patel, Ahmed},
 title = {{Assessing Measurements of QoS for Global Cloud Computing Services}},
 booktitle = {Proceedings of the 2011 IEEE Ninth International Conference on Dependable, Autonomic and Secure Computing},
 series = {DASC '11},
 year = {2011},
 isbn = {978-0-7695-4612-4},
 pages = {682--689},
 numpages = {8},
 url = {http://dx.doi.org/10.1109/DASC.2011.120},
 doi = {10.1109/DASC.2011.120},
 acmid = {2115542},
 publisher = {IEEE Computer Society},
 address = {Washington, DC, USA},
 keywords = {Cloud Computing, IT Infrastructure, Quality of Service, Service Level Agreements},
} 


@inproceedings{Bolles:2008:SSE:1789394.1789438,
 author = {Bolles, Andre and Grawunder, Marco and Jacobi, Jonas},
 title = {{Streaming SPARQL extending SPARQL to process data streams}},
 booktitle = {Proceedings of the 5th European semantic web conference on The semantic web: research and applications},
 series = {ESWC'08},
 year = {2008},
 isbn = {3-540-68233-3, 978-3-540-68233-2},
 location = {Tenerife, Canary Islands, Spain},
 pages = {448--462},
 numpages = {15},
 url = {http://dl.acm.org/citation.cfm?id=1789394.1789438},
 acmid = {1789438},
 publisher = {Springer-Verlag},
 address = {Berlin, Heidelberg},
}


@inproceedings{Barbieri:2010:EEC:1739041.1739095,
 author = {Barbieri, Davide Francesco and Braga, Daniele and Ceri, Stefano and Grossniklaus, Michael},
 title = {{An execution environment for C-SPARQL queries}},
 booktitle = {Proceedings of the 13th International Conference on Extending Database Technology},
 series = {EDBT '10},
 year = {2010},
 isbn = {978-1-60558-945-9},
 location = {Lausanne, Switzerland},
 pages = {441--452},
 numpages = {12},
 url = {http://doi.acm.org/10.1145/1739041.1739095},
 doi = {10.1145/1739041.1739095},
 acmid = {1739095},
 publisher = {ACM},
 address = {New York, NY, USA},
} 


@inproceedings{Anicic:2011:EUL:1963405.1963495,
 author = {Anicic, Darko and Fodor, Paul and Rudolph, Sebastian and Stojanovic, Nenad},
 title = {{EP-SPARQL: a unified language for event processing and stream reasoning}},
 booktitle = {Proceedings of the 20th international conference on World wide web},
 series = {WWW '11},
 year = {2011},
 isbn = {978-1-4503-0632-4},
 location = {Hyderabad, India},
 pages = {635--644},
 numpages = {10},
 url = {http://doi.acm.org/10.1145/1963405.1963495},
 doi = {10.1145/1963405.1963495},
 acmid = {1963495},
 publisher = {ACM},
 address = {New York, NY, USA},
 keywords = {complex event processing, etalis, rule systems, semantic web, streams},
} 

@article{Fan:2013:MBD:2481244.2481246,
 author = {Fan, Wei and Bifet, Albert},
 title = {{Mining big data: current status, and forecast to the future}},
 journal = {SIGKDD Explor. Newsl.},
 issue_date = {December 2012},
 volume = {14},
 number = {2},
 month = apr,
 year = {2013},
 issn = {1931-0145},
 pages = {1--5},
 numpages = {5},
 url = {http://doi.acm.org/10.1145/2481244.2481246},
 doi = {10.1145/2481244.2481246},
 acmid = {2481246},
 publisher = {ACM},
 address = {New York, NY, USA},
}


@BOOK{BigDataManing,
   author    = {Nathan Marz and James Warren},
   title     = {{Big Data: Principles and best practices of scalable realtime data systems}},
   publisher = {Manning Publications Co.},
   edition   = {first},
   year      = {2013},
   isbn =  {9781617290343}
}



@article{RodriGuez-GonzaLez:2012:UAP:2350799.2350907,
 author = {Rodr\'{\i}Guez-Gonz\'{a}Lez, Alejandro and Torres-Ni\~{n}O, Javier and Hern\'{a}Ndez-Chan, Gandhi and Jim{\'e}Nez-Domingo, Enrique and Alvarez-Rodr\'{\i}Guez, Jose Maria},
 title = {{Using agents to parallelize a medical reasoning system based on ontologies and description logics as an application case}},
 journal = {Expert Syst. Appl.},
 issue_date = {December, 2012},
 volume = {39},
 number = {18},
 month = dec,
 year = {2012},
 issn = {0957-4174},
 pages = {13085--13092},
 numpages = {8},
 url = {http://dx.doi.org/10.1016/j.eswa.2012.05.093},
 doi = {10.1016/j.eswa.2012.05.093},
 acmid = {2350907},
 publisher = {Pergamon Press, Inc.},
 address = {Tarrytown, NY, USA},
 keywords = {Distributed, Expert system, Medical diagnosis, Ontologies, Parallel, Reasoning, Semantic web},
} 


@article{Garcia-Sanchez:2010:ASS:1852403.1852409,
 author = {Garcia-Sanchez, Francisco and Fernandez-Breis, Eneko and Valencia-Garcia, Rafael and Jimenez, Enrique and Gomez, Juan M. and Torres-Ni\~{n}o, Javier and Martinez-Maqueda, Daniel},
 title = {{Adding semantics to software-as-a-service and cloud computing}},
 journal = {W. Trans. on Comp.},
 issue_date = {February 2010},
 volume = {9},
 number = {2},
 month = feb,
 year = {2010},
 issn = {1109-2750},
 pages = {154--163},
 numpages = {10},
 url = {http://dl.acm.org/citation.cfm?id=1852403.1852409},
 acmid = {1852409},
 publisher = {World Scientific and Engineering Academy and Society (WSEAS)},
 address = {Stevens Point, Wisconsin, USA},
 keywords = {business process management, cloud computing, semantic technology, software-as-a-service},
} 


@inproceedings{Bizer:2011:EWG:2075914.2075915,
 author = {Bizer, Christian},
 title = {{Evolving the web into a global data space}},
 booktitle = {Proceedings of the 28th British national conference on Advances in databases},
 series = {BNCOD'11},
 year = {2011},
 isbn = {978-3-642-24576-3},
 location = {Manchester, UK},
 pages = {1--1},
 numpages = {1},
 url = {http://dl.acm.org/citation.cfm?id=2075914.2075915},
 acmid = {2075915},
 publisher = {Springer-Verlag},
 address = {Berlin, Heidelberg},
} 

%[11] N. Kephart, Six Must-Have Cloud Management Features, http://www.wired.com/insights/2012/11/six-must-have-cloud-management-features/ (access: 25.02.2012)
%[12] OASIS Cloud Application Management for Platforms (CAMP) TC. https://www.oasis-open.org/committees/tc_home.php?wg_abbrev=camp  (access: 25.02.2012) 



@article{DBLP:journals/jucs/RodriguezRMPGP12,
  author    = {Miguel Garc\'{\i}a Rodr\'{\i}guez and
               Jose Mar\'{\i}a {\'A}lvarez Rodr\'{\i}guez and
               Diego Berrueta Mu{\~n}oz and
               Luis Polo Paredes and
               Jos{\'e} Emilio Labra Gayo and
               Patricia Ord{\'o}{\~n}ez de Pablos},
  title     = {{Towards a Practical Solution for Data Grounding in a Semantic Web Services Environment}},
  journal   = {J. UCS},
  volume    = {18},
  number    = {11},
  year      = {2012},
  pages     = {1576-1597},
  ee        = {http://www.jucs.org/jucs_18_11/towards_a_practical_solution},
  bibsource = {DBLP, http://dblp.uni-trier.de}
}


@inproceedings{Pernas:2005:UOD:1068510.1069326,
 author = {Pernas, A. M. and Dantas, M. A.  R.},
 title = {{Using Ontology for Description of Grid Resources}},
 booktitle = {Proceedings of the 19th International Symposium on High Performance Computing Systems and Applications},
 series = {HPCS '05},
 year = {2005},
 isbn = {0-7695-2343-9},
 pages = {223--229},
 numpages = {7},
 url = {http://dx.doi.org/10.1109/HPCS.2005.58},
 doi = {10.1109/HPCS.2005.58},
 acmid = {1069326},
 publisher = {IEEE Computer Society},
 address = {Washington, DC, USA},
}

@inproceedings{Klein:2012:TNS:2187836.2187965,
 author = {Klein, Adrian and Ishikawa, Fuyuki and Honiden, Shinichi},
 title = {{Towards network-aware service composition in the cloud}},
 booktitle = {Proceedings of the 21st international conference on World Wide Web},
 series = {WWW '12},
 year = {2012},
 isbn = {978-1-4503-1229-5},
 location = {Lyon, France},
 pages = {959--968},
 numpages = {10},
 url = {http://doi.acm.org/10.1145/2187836.2187965},
 doi = {10.1145/2187836.2187965},
 acmid = {2187965},
 publisher = {ACM},
 address = {New York, NY, USA},
 keywords = {QoS, cloud, network, optimization, service composition, web services},
}


%[17] D. Armstrong, K. Djemame, Towards Quality of Service in the Cloud. FIXME


@inproceedings{Lopes:2006:PEM:1135771.1136110,
 author = {Lopes, J. G.  R.  C. and Melo, Alba Cristina Magalhaes Alves and Dantas, M. A.  R. and Ralha, Celia Ghedini},
 title = {{A Proposal and Evaluation of a Mechanism for Grid Ontology Merge}},
 booktitle = {Proceedings of the 20th International Symposium on High-Performance Computing in an Advanced Collaborative Environment},
 series = {HPCS '06},
 year = {2006},
 isbn = {0-7695-2582-2},
 pages = {2--},
 url = {http://dx.doi.org/10.1109/HPCS.2006.7},
 doi = {10.1109/HPCS.2006.7},
 acmid = {1136110},
 publisher = {IEEE Computer Society},
 address = {Washington, DC, USA},
} 


@inproceedings{Ejarque:2008:USR:1443230.1444322,
 author = {Ejarque, Jorge and Palol, Marc de and Goiri, Inigo and Julia, Ferran and Guitart, Jordi and Torres, Jordi and Badia, Rosa M.},
 title = {{Using Semantics for Resource Allocation in Computing Service Providers}},
 booktitle = {Proceedings of the 2008 IEEE International Conference on Services Computing - Volume 2},
 series = {SCC '08},
 year = {2008},
 isbn = {978-0-7695-3283-7-02},
 pages = {583--587},
 numpages = {5},
 url = {http://dx.doi.org/10.1109/SCC.2008.152},
 doi = {10.1109/SCC.2008.152},
 acmid = {1444322},
 publisher = {IEEE Computer Society},
 address = {Washington, DC, USA},
 keywords = {Semantic Grid, Resource Allocation, Task Scheduling, Semantic Web, Virtualization, Service Providers, BREIN},
} 




@INPROCEEDINGS{2009gdc..conf..221Y,
   author = {{Yoo}, H. and {Hur}, C. and {Kim}, S. and {Kim}, Y.},
    title = "{An Ontology-Based Resource Selection Service on Science Cloud}",
 keywords = {Ontology, Resource Selection, Semantic, Science Cloud, Cloud computing},
booktitle = {Grid and Distributed Computing, Communications in Computer and Information Science, Volume 63. ISBN 978-3-642-10548-7. Springer-Verlag Berlin Heidelberg, 2009, p. 221},
     year = 2009,
   editor = {{{\'S}l{\c e}zak}, D. and {Kim}, T.-H. and {Yau}, S.~S. and 
	{Gervasi}, O. and {Kang}, B.-H.},
    pages = {221},
      doi = {10.1007/978-3-642-10549-4_26},
   adsurl = {http://adsabs.harvard.edu/abs/2009gdc..conf..221Y},
  adsnote = {Provided by the SAO/NASA Astrophysics Data System}
}


@inproceedings{Cortazar:2012:ASC:2261605.2261639,
 author = {Cort\'{a}zar, Giovanni Orteg\'{o}n and Zapater, Jos{\'e} Javier Samper and S\'{a}nchez, Francisco Garc\'{\i}a},
 title = {{Adding semantics to cloud computing to enhance service discovery and access}},
 booktitle = {Proceedings of the 6th Euro American Conference on Telematics and Information Systems},
 series = {EATIS '12},
 year = {2012},
 isbn = {978-1-4503-1012-3},
 location = {Valencia, Spain},
 pages = {231--236},
 numpages = {6},
 url = {http://doi.acm.org/10.1145/2261605.2261639},
 doi = {10.1145/2261605.2261639},
 acmid = {2261639},
 publisher = {ACM},
 address = {New York, NY, USA},
 keywords = {cloud computing, ontologies, semantic technology, service annotation, service discovery},
} 


@incollection{rule-2013-resource-provisioning,
year={2013},
isbn={978-3-642-35460-1},
booktitle={New Paradigms in Internet Computing},
volume={203},
series={Advances in Intelligent Systems and Computing},
editor={Patnaik, Srikanta and Tripathy, Piyu and Naik, Sagar},
doi={10.1007/978-3-642-35461-8_5},
title={{A Rule-Based Approach for Effective Resource Provisioning in Hybrid Cloud Environment}},
url={http://dx.doi.org/10.1007/978-3-642-35461-8_5},
publisher={Springer Berlin Heidelberg},
keywords={Cloud computing; Provisioning; VIM; Hybrid cloud; IaaS; Resource Allocation},
author={Grewal, RajkamalKaur and Pateriya, PushpendraKumar},
pages={41-57}
}



@inproceedings{DBLP:conf/gecon/ZhangRNMH12,
  author    = {Miranda Zhang and
               Rajiv Ranjan and
               Surya Nepal and
               Michael Menzel and
               Armin Haller},
  title     = {{A Declarative Recommender System for Cloud Infrastructure Services Selection}},
  booktitle = {GECON},
  year      = {2012},
  pages     = {102-113},
  ee        = {http://dx.doi.org/10.1007/978-3-642-35194-5_8},
  crossref  = {DBLP:conf/gecon/2012},
  bibsource = {DBLP, http://dblp.uni-trier.de}
}


@inproceedings{DBLP:conf/fia/TrakadasLZKS13,
  author    = {Panagiotis Trakadas and
               Helen-Catherine Leligou and
               Theodore Zahariadis and
               Panagiotis Karkazis and
               Lambros Sarakis},
  title     = {{Managing QoS for Future Internet Applications over Virtual Sensor Networks}},
  booktitle = {Future Internet Assembly},
  year      = {2013},
  pages     = {52-63},
  ee        = {http://dx.doi.org/10.1007/978-3-642-38082-2_5},
  crossref  = {DBLP:conf/fia/2013},
  bibsource = {DBLP, http://dblp.uni-trier.de}
}


@inproceedings{DBLP:conf/soca/ChenL10,
  author    = {Hao-peng Chen and
               Shao-chong Li},
  title     = {{SRC: A service registry on cloud providing behavior-aware
               and QoS-aware service discovery}},
  booktitle = {SOCA},
  year      = {2010},
  pages     = {1-4},
  ee        = {http://dx.doi.org/10.1109/SOCA.2010.5707179},
  crossref  = {DBLP:conf/soca/2010},
  bibsource = {DBLP, http://dblp.uni-trier.de}
}


@incollection{cloudle
year={2011},
isbn={978-3-642-24395-0},
booktitle={Web Information Systems Engineering – WISE 2010 Workshops},
volume={6724},
series={Lecture Notes in Computer Science},
editor={Chiu, DicksonK.W. and Bellatreche, Ladjel and Sasaki, Hideyasu and Leung, Ho-fung and Cheung, Shing-Chi and Hu, Haiyang and Shao, Jie},
doi={10.1007/978-3-642-24396-7_33},
title={{Cloudle: An Ontology-Enhanced Cloud Service Search Engine}},
url={http://dx.doi.org/10.1007/978-3-642-24396-7_33},
publisher={Springer Berlin Heidelberg},
keywords={Cloud Computing; Cloud Ontology; Search Engines; Information retrieval; agent-based Cloud computing},
author={Kang, Jaeyong and Sim, KwangMong},
pages={416-427}
}

@INPROCEEDINGS{5961913, 
author={Jaeyong Kang and Kwang-Mong Sim}, 
booktitle={System Science and Engineering (ICSSE), 2011 International Conference on}, 
title={{Ontology and search engine for cloud computing system}}, 
year={2011}, 
pages={276-281}, 
keywords={Web services;cloud computing;inference mechanisms;ontologies (artificial intelligence);search engines;CO-1;CO-2;Cloudle;cloud computing system;cloud ontologies;cloud services;concept similarity reasoning;datatype property similarity reasoning;object property similarity reasoning;search engine;Cloud computing;Cognition;Computer architecture;Information filters;OWL;Ontologies;Search engines;Cloud Computing;Cloud Ontology;Information retrieval;Search Engines}, 
doi={10.1109/ICSSE.2011.5961913},}

@INPROCEEDINGS{6206823, 
author={Nelson, V. and Uma, V.}, 
booktitle={Recent Trends In Information Technology (ICRTIT), 2012 International Conference on}, 
title={{Semantic based Resource Provisioning and scheduling in inter-cloud environment}}, 
year={2012}, 
pages={250-254}, 
keywords={cloud computing;inference mechanisms;ontologies (artificial intelligence);open systems;resource allocation;IRPS;cloud environment;cloud providers;cloud systems;inference rules;inter-cloud resource provisioning system;interoperability;management policies;resource ontology;semantic based resource provisioning;semantic based resource scheduling;semantic scheduler;Cloud computing;Engines;Ontologies;Resource description framework;Resource management;Scheduling;Semantics;Intercloud;inference;meta - data repository;ontology;resource sharing;sceduling;semantics}, 
doi={10.1109/ICRTIT.2012.6206823},}




@inproceedings{Buyya:2010:IUF:2143583.2143586,
 author = {Buyya, Rajkumar and Ranjan, Rajiv and Calheiros, Rodrigo N.},
 title = {{InterCloud: utility-oriented federation of cloud computing environments for scaling of application services}},
 booktitle = {Proceedings of the 10th international conference on Algorithms and Architectures for Parallel Processing - Volume Part I},
 series = {ICA3PP'10},
 year = {2010},
 isbn = {3-642-13118-2, 978-3-642-13118-9},
 location = {Busan, Korea},
 pages = {13--31},
 numpages = {19},
 url = {http://dx.doi.org/10.1007/978-3-642-13119-6_2},
 doi = {10.1007/978-3-642-13119-6_2},
 acmid = {2143586},
 publisher = {Springer-Verlag},
 address = {Berlin, Heidelberg},
} 


@inproceedings{Koperek:2011:DBM:2352045.2352066,
 author = {Koperek, Pawel and Funika, Wodzimierz},
 title = {{Dynamic business metrics-driven resource provisioning in cloud environments}},
 booktitle = {Proceedings of the 9th international conference on Parallel Processing and Applied Mathematics - Volume Part II},
 series = {PPAM'11},
 year = {2012},
 isbn = {978-3-642-31499-5},
 location = {Torun, Poland},
 pages = {171--180},
 numpages = {10},
 url = {http://dx.doi.org/10.1007/978-3-642-31500-8_18},
 doi = {10.1007/978-3-642-31500-8_18},
 acmid = {2352066},
 publisher = {Springer-Verlag},
 address = {Berlin, Heidelberg},
 keywords = {Esper, SAMM, automatic scaling, cloud computing},
}

@proceedings {fg-2266,
	title = {{Scalable Resource Provisioning in the Cloud Using Business Metrics}},
	journal = {Advanced Engineering Computing and Applications in Sciences (ADVCOMP{\textquoteright}2011), 20-25 November 2011, Lisbon, Portugal, 2011},
	year = {2011},
	keywords = {cloud computing, Scaling},
	url = {http://ns1.academicroom.com/article/scalable-resource-provisioning-cloud-using-business-metrics},
	author = {Wlodzimierz Funika and Pawel Koperek}
}

%[30] Esper Project website, http://esper.codehaus.org (access: 25.02.2012)

@incollection{srt-15
year={2012},
isbn={978-3-642-29736-6},
booktitle={Euro-Par 2011: Parallel Processing Workshops},
volume={7155},
series={Lecture Notes in Computer Science},
editor={Alexander, Michael and D’Ambra, Pasqua and Belloum, Adam and Bosilca, George and Cannataro, Mario and Danelutto, Marco and Martino, Beniamino and Gerndt, Michael and Jeannot, Emmanuel and Namyst, Raymond and Roman, Jean and Scott, StephenL. and Traff, JesperLarsson and Vallée, Geoffroy and Weidendorfer, Josef},
doi={10.1007/978-3-642-29737-3_3},
title={{QoS Monitoring in a Cloud Services Environment: The SRT-15 Approach}},
url={http://dx.doi.org/10.1007/978-3-642-29737-3_3},
publisher={Springer Berlin Heidelberg},
keywords={Quality of Service; Cloud Computing; Complex Event Processing},
author={Cicotti, Giuseppe and Coppolino, Luigi and Cristaldi, Rosario and D’Antonio, Salvatore and Romano, Luigi},
pages={15-24}
}


@inproceedings{sb:2007:phdsymposium,
  added-at = {2007-11-15T17:45:20.000+0100},
  address = {Vienna, Austria},
  author = {Bleul, Steffen},
  biburl = {http://www.bibsonomy.org/bibtex/233f5c94fbf5437c13b390b8d6bacb1bc/stbleul},
  booktitle = {IBM PhD Student Symposium at ICSOC 2007},
  editor = {Dumitras, Tudor and Hanemann, Andreas and Kratz, Benedikt and Pathak, Jyotishman},
  interhash = {11045ae31bbb4db8b66c8277baa71567},
  intrahash = {33f5c94fbf5437c13b390b8d6bacb1bc},
  keywords = {2007 Bleul Ontology QoS SOA Self-Management Semantic Steffen},
  month = {September},
  publisher = {IBM Research Devision},
  timestamp = {2007-11-15T17:45:20.000+0100},
  title = {{Quality-aware Self-Management for Service Processes in Service-Oriented Architectures}},
  year = 2007
}

%[32] G.F. Anastasi, Quality of Service Management in Service Oriented Architectures. PhD Dissertation, Scuola Superiore Sant’Anna. (2011).




@article{cucinottaSOA_IA09,
    abstract = {{Industrial automation platforms are experiencing a paradigm shift. New technologies are making their way in the area, including embedded real-time systems, standard local area networks like Ethernet, Wi-Fi and ZigBee, IP-based communication protocols, standard service oriented architectures (SOAs) and Web services. An automation system will be composed of flexible autonomous components with plug \& play functionality, self configuration and diagnostics, and autonomic local control that communicate through standard networking technologies. However, the introduction of these new technologies raises important problems that need to be properly solved, one of these being the need to support real-time and quality-of-service (QoS) for real-time applications. This paper describes a SOA enhanced with real-time capabilities for industrial automation. The proposed architecture allows for negotiation of the QoS requested by clients from Web services, and provides temporal encapsulation of individual activities. This way, it is possible to perform an}},
    author = {Cucinotta, T. and Mancina, A. and Anastasi, G. F. and Lipari, G. and Mangeruca, L. and Checcozzo, R. and Rusina, F.},
    citeulike-article-id = {6258665},
    citeulike-linkout-0 = {http://dx.doi.org/10.1109/tii.2009.2027013},
    citeulike-linkout-1 = {http://ieeexplore.ieee.org/xpls/abs\_all.jsp?arnumber=5173504},
    day = {24},
    doi = {10.1109/tii.2009.2027013},
    institution = {Real-Time Syst. Lab., Scuola Superiore Sant'Anna, Pisa, Italy},
    issn = {1551-3203},
    journal = {Industrial Informatics, IEEE Transactions on},
    keywords = {automation, pj\_wsplc},
    month = aug,
    number = {3},
    pages = {267--277},
    posted-at = {2009-12-01 21:31:31},
    priority = {2},
    publisher = {IEEE},
    title = {{A Real-Time Service-Oriented Architecture for Industrial Automation}},
    url = {http://dx.doi.org/10.1109/tii.2009.2027013},
    volume = {5},
    year = {2009}
}


@inproceedings{Konstanteli:2009:RGF:1632706.1633120,
 author = {Konstanteli, Kleopatra and Kyriazis, Dimosthenis and Varvarigou, Theodora and Cucinotta, Tommaso and Anastasi, Gaetano},
 title = {{Real-Time Guarantees in Flexible Advance Reservations}},
 booktitle = {Proceedings of the 2009 33rd Annual IEEE International Computer Software and Applications Conference - Volume 02},
 series = {COMPSAC '09},
 year = {2009},
 isbn = {978-0-7695-3726-9},
 pages = {67--72},
 numpages = {6},
 url = {http://dx.doi.org/10.1109/COMPSAC.2009.117},
 doi = {10.1109/COMPSAC.2009.117},
 acmid = {1633120},
 publisher = {IEEE Computer Society},
 address = {Washington, DC, USA},
 keywords = {advance reservation, resource management, real- time CPU scheduling},
} 

@inproceedings{DBLP:conf/compsac/CucinottaAA09,
  author    = {Tommaso Cucinotta and
               Gaetano Anastasi and
               Luca Abeni},
  title     = {{Respecting Temporal Constraints in Virtualised Services}},
  booktitle = {COMPSAC (2)},
  year      = {2009},
  pages     = {73-78},
  ee        = {http://dx.doi.org/10.1109/COMPSAC.2009.118},
  crossref  = {DBLP:conf/compsac/2009},
  bibsource = {DBLP, http://dblp.uni-trier.de}
}

%[36] T. Cucinotta, S. Gogouvitis, K. Kostanteli, SLAs in Virtualized Cloud Computing  Infrastructures with QoS Assurance, eChallenges e-2011 Conference Proceedings. (2011).


@inproceedings{Van:2009:SVR:1673076.1674142,
 author = {Van, Hien Nguyen and Tran, Frederic Dang and Menaud, Jean-Marc},
 title = {{SLA-Aware Virtual Resource Management for Cloud Infrastructures}},
 booktitle = {Proceedings of the 2009 Ninth IEEE International Conference on Computer and Information Technology - Volume 02},
 series = {CIT '09},
 year = {2009},
 isbn = {978-0-7695-3836-5},
 pages = {357--362},
 numpages = {6},
 url = {http://dx.doi.org/10.1109/CIT.2009.109},
 doi = {10.1109/CIT.2009.109},
 acmid = {1674142},
 publisher = {IEEE Computer Society},
 address = {Washington, DC, USA},
 keywords = {resource, virtualization, service, cloud computing},
} 

@inproceedings{Mabrouk:2009:SEQ:1564601.1564724,
 author = {Mabrouk, Nebil Ben and Georgantas, Nikolaos and Issarny, Valerie},
 title = {{A semantic end-to-end QoS model for dynamic service oriented environments}},
 booktitle = {Proceedings of the 2009 ICSE Workshop on Principles of Engineering Service Oriented Systems},
 series = {PESOS '09},
 year = {2009},
 isbn = {978-1-4244-3716-0},
 pages = {34--41},
 numpages = {8},
 url = {http://dx.doi.org/10.1109/PESOS.2009.5068817},
 doi = {10.1109/PESOS.2009.5068817},
 acmid = {1564724},
 publisher = {IEEE Computer Society},
 address = {Washington, DC, USA},
}


@article{Maximilien:2004:FOD:1024866.1025003,
 author = {Maximilien, E. Michael and Singh, Munindar P.},
 title = {{A Framework and Ontology for Dynamic Web Services Selection}},
 journal = {IEEE Internet Computing},
 issue_date = {September 2004},
 volume = {8},
 number = {5},
 month = sep,
 year = {2004},
 issn = {1089-7801},
 pages = {84--93},
 numpages = {10},
 url = {http://dx.doi.org/10.1109/MIC.2004.27},
 doi = {10.1109/MIC.2004.27},
 acmid = {1025003},
 publisher = {IEEE Educational Activities Department},
 address = {Piscataway, NJ, USA},
 keywords = {65, QoS, Web services, Web services, agents, QoS, agents},
} 







@article{Kim:2007:MWS:1359823.1359827,
 author = {Kim, Henry M. and Sengupta, Arijit and Evermann, Joerg},
 title = {{MOQ\&\#58; Web services ontologies for QoS and general quality evaluations}},
 journal = {Int. J. Metadata Semant. Ontologies},
 issue_date = {March 2007},
 volume = {2},
 number = {3},
 month = mar,
 year = {2007},
 issn = {1744-2621},
 pages = {195--200},
 numpages = {6},
 url = {http://dx.doi.org/10.1504/IJMSO.2007.017612},
 doi = {10.1504/IJMSO.2007.017612},
 acmid = {1359827},
 publisher = {Inderscience Publishers},
 address = {Inderscience Publishers, Geneva, SWITZERLAND},
} 


@inproceedings{Dobson:2005:QQO:1090946.1091252,
 author = {Dobson, Glen and Lock, Russell and Sommerville, Ian},
 title = {{QoSOnt: a QoS Ontology for Service-Centric Systems}},
 booktitle = {Proceedings of the 31st EUROMICRO Conference on Software Engineering and Advanced Applications},
 series = {EUROMICRO '05},
 year = {2005},
 isbn = {0-7695-2431-1},
 pages = {80--87},
 numpages = {8},
 url = {http://dx.doi.org/10.1109/EUROMICRO.2005.49},
 doi = {10.1109/EUROMICRO.2005.49},
 acmid = {1091252},
 publisher = {IEEE Computer Society},
 address = {Washington, DC, USA},
} 


@inproceedings{Papaioannou:2006:QOL:1129027.1129054,
 author = {Papaioannou, Ioannis V. and Tsesmetzis, Dimitrios T. and Roussaki, Ioanna G. and Anagnostou, Miltiades E.},
 title = {{A QoS Ontology Language for Web-Services}},
 booktitle = {Proceedings of the 20th International Conference on Advanced Information Networking and Applications - Volume 01},
 series = {AINA '06},
 year = {2006},
 isbn = {0-7695-2466-4-01},
 pages = {101--106},
 numpages = {6},
 url = {http://dx.doi.org/10.1109/AINA.2006.51},
 doi = {10.1109/AINA.2006.51},
 acmid = {1129054},
 publisher = {IEEE Computer Society},
 address = {Washington, DC, USA},
} 


@inproceedings{Dobson:2006:TUQ:1173701.1174285,
 author = {Dobson, Glen and Sanchez-Macian, Alfonso},
 title = {{Towards Unified QoS/SLA Ontologies}},
 booktitle = {Proceedings of the IEEE Services Computing Workshops},
 series = {SCW '06},
 year = {2006},
 isbn = {0-7695-2681-0},
 pages = {169--174},
 numpages = {6},
 url = {http://dx.doi.org/10.1109/SCW.2006.40},
 doi = {10.1109/SCW.2006.40},
 acmid = {1174285},
 publisher = {IEEE Computer Society},
 address = {Washington, DC, USA},
} 


@inproceedings{Marchetti:2004:QMM:1013367.1013377,
 author = {Marchetti, Carlo and Pernici, Barbara and Plebani, Pierluigi},
 title = {{A quality model for multichannel adaptive information}},
 booktitle = {Proceedings of the 13th international World Wide Web conference on Alternate track papers \& posters},
 series = {WWW Alt. '04},
 year = {2004},
 isbn = {1-58113-912-8},
 location = {New York, NY, USA},
 pages = {48--54},
 numpages = {7},
 url = {http://doi.acm.org/10.1145/1013367.1013377},
 doi = {10.1145/1013367.1013377},
 acmid = {1013377},
 publisher = {ACM},
 address = {New York, NY, USA},
 keywords = {model, quality of service},
}


@article{Resta:2008:WIQ:1340085.1340215,
 author = {Resta, Giovanni and Santi, Paolo},
 title = {{WiQoSM: An Integrated QoS-Aware Mobility and User Behavior Model for Wireless Data Networks}},
 journal = {IEEE Transactions on Mobile Computing},
 issue_date = {February 2008},
 volume = {7},
 number = {2},
 month = feb,
 year = {2008},
 issn = {1536-1233},
 pages = {187--198},
 numpages = {12},
 url = {http://dx.doi.org/10.1109/TMC.2007.70728},
 doi = {10.1109/TMC.2007.70728},
 acmid = {1340215},
 publisher = {IEEE Educational Activities Department},
 address = {Piscataway, NJ, USA},
 keywords = {Mobility modeling, Mobility modeling, user behavior modeling, QoS-driven mobility, wireless data networks, QoS-driven mobility, user behavior modeling, wireless data networks},
} 

@inproceedings{DBLP:conf/woa/Talia11,
  author    = {Domenico Talia},
  title     = {{Cloud Computing and Software Agents: Towards Cloud Intelligent Services}},
  booktitle = {WOA},
  year      = {2011},
  pages     = {2-6},
  ee        = {http://ceur-ws.org/Vol-741/INV02_Talia.pdf},
  crossref  = {DBLP:conf/woa/2011},
  bibsource = {DBLP, http://dblp.uni-trier.de}
}

@inproceedings{Haase:2010:STE:1940334.1940342,
 author = {Haase, Peter and Math\"{a}\ss, Tobias and Schmidt, Michael and Eberhart, Andreas and Walther, Ulrich},
 title = {{Semantic technologies for enterprise cloud management}},
 booktitle = {Proceedings of the 9th international semantic web conference on The semantic web - Volume Part II},
 series = {ISWC'10},
 year = {2010},
 isbn = {3-642-17748-4, 978-3-642-17748-4},
 location = {Shanghai, China},
 pages = {98--113},
 numpages = {16},
 url = {http://dl.acm.org/citation.cfm?id=1940334.1940342},
 acmid = {1940342},
 publisher = {Springer-Verlag},
 address = {Berlin, Heidelberg},
} 


@inproceedings{Mabrouk:2009:QSC:1656980.1656990,
 author = {Mabrouk, Nebil Ben and Beauche, Sandrine and Kuznetsova, Elena and Georgantas, Nikolaos and Issarny, Val{\'e}rie},
 title = {{QoS-aware service composition in dynamic service oriented environments}},
 booktitle = {Proceedings of the 10th ACM/IFIP/USENIX International Conference on Middleware},
 series = {Middleware '09},
 year = {2009},
 location = {Urbanna, Illinois},
 pages = {7:1--7:20},
 articleno = {7},
 numpages = {20},
 url = {http://dl.acm.org/citation.cfm?id=1656980.1656990},
 acmid = {1656990},
 publisher = {Springer-Verlag New York, Inc.},
 address = {New York, NY, USA},
} 


@inproceedings{Cretella:2012:UMS:2428736.2428805,
 author = {Cretella, Giuseppina and Di Martino, Beniamino and Stankovski, Vlado},
 title = {{Using the mOSAIC's semantic engine to design and develop civil engineering cloud applications}},
 booktitle = {Proceedings of the 14th International Conference on Information Integration and Web-based Applications \&\#38; Services},
 series = {IIWAS '12},
 year = {2012},
 isbn = {978-1-4503-1306-3},
 location = {Bali, Indonesia},
 pages = {378--386},
 numpages = {9},
 url = {http://doi.acm.org/10.1145/2428736.2428805},
 doi = {10.1145/2428736.2428805},
 acmid = {2428805},
 publisher = {ACM},
 address = {New York, NY, USA},
 keywords = {OWL, application development, cloud, ontology, semantics},
} 


@inproceedings{Nathuji:2010:QMP:1755913.1755938,
 author = {Nathuji, Ripal and Kansal, Aman and Ghaffarkhah, Alireza},
 title = {{Q-clouds: managing performance interference effects for QoS-aware clouds}},
 booktitle = {Proceedings of the 5th European conference on Computer systems},
 series = {EuroSys '10},
 year = {2010},
 isbn = {978-1-60558-577-2},
 location = {Paris, France},
 pages = {237--250},
 numpages = {14},
 url = {http://doi.acm.org/10.1145/1755913.1755938},
 doi = {10.1145/1755913.1755938},
 acmid = {1755938},
 publisher = {ACM},
 address = {New York, NY, USA},
 keywords = {cloud computing, resource management, virtualization},
}

%[50] H. Kim, H. Lee, W. Kim, Y. Kim, A Trust Evaluation Model for QoS Guarantee in Cloud Systems, International Journal of Grid and Distributed Computing Vol.3, No.1. (2010).

@INPROCEEDINGS{6468253, 
author={Jundian Song and Shaohua Zhang and Yanxue Gong and Bingrong Dai}, 
booktitle={e-Business Engineering (ICEBE), 2012 IEEE Ninth International Conference on}, 
title={{A QoS Evaluation Model for Test-Bed in the Cloud Computing Environment}}, 
year={2012}, 
pages={292-295}, 
keywords={cloud computing;program testing;quality of service;QoS evaluation model;QoS parameter determination;cloud computing environment;evaluation index system;objective index;optimal services;quality of service;subjective index;test-bed;third-party index;utility function;Cloud computing;Computational modeling;Indexes;Quality of service;Security;Stability criteria;IT service management (ITSM);Test-Bed;cloud computing;quality of service (QoS)}, 
doi={10.1109/ICEBE.2012.54},}


%[51] P.M. Dew, S. Nizamani, QAComPS: A Quality-aware Federated Computational Semantic Web Service for Computational  Modellers. World Comp. (2011).

@book{nizamani2012quality,
  title={A Quality-aware Cloud Selection Service for Computational Modellers},
  author={Nizamani, S.A.},
  url={http://books.google.gr/books?id=wcrJmAEACAAJ},
  year={2012},
  publisher={University of Leeds (School of Computing)}
}

%[52] A.V. Dastjerdi, R. Buyya, A Taxonomy of QoS Management and Service Selection Methodologies for Cloud Computing. http://www.cloudbus.org/papers/QoSTaxonomyCloud2011.pdf . (2011)













